2859 5084
475 439 482 449 ¹
583 451 676 490 ο..
913 371 1333 492 unsar.
1399 371 1815 487 chiLn
1874 424 2359 488 HORATII

588 601 668 662 ad
742 617 1090 672 amorem,
1129 600 1615 661 familiaritatem
1674 609 1741 660 et
1797 597 2305 660 consuetudinem
2372 601 2723 681 utrimun

589 725 810 776 sexus,
875 703 1122 780 nuptias
1191 713 1252 761 et
1333 701 1569 768 furtiva
1640 701 1861 780 gaudia
1934 700 2309 800 designanda¹
2374 721 2525 762 usus
2588 714 2713 765 eet.

588 806 766 880 Quae
807 803 1031 864 deinde
1087 805 1280 864 verba
1361 825 1397 862 a
1450 803 1699 880 tragicis
1756 813 1821 862 et
1877 803 2121 882 lyricis,
2198 803 2370 883 quasi
2432 805 2719 866 auctoris

587 907 962 987 praestantia
1003 907 1487 966 obscoenitatem
1528 906 1876 966 amisissent
1916 903 2396 984 dignitatemque
2432 905 2717 984 aliquam

589 1017 895 1069 vetustate
939 1017 1143 1066 essent
1172 1015 1348 1070 nacta
1369 1051 1386 1082 ,
1434 1025 1716 1084 magnam
1756 1015 1997 1086 partem
2034 1009 2169 1065 sine
2210 1027 2423 1069 sensus
2472 1009 2735 1086 acqui-⁴

589 1109 822 1172 aitioris
899 1117 962 1168 et
1041 1109 1350 1192 politioris
1411 1107 1754 1171 offensione
1834 1106 2107 1170 adhibita
2158 1107 2227 1172 in
2262 1108 2503 1186 vulgari
2544 1131 2719 1188 quo-

592 1231 712 1292 que
747 1213 1050 1270 sermonis
1093 1209 1539 1272 consuetudine
1572 1210 2019 1270 retinebantur.
2114 1207 2237 1271 sed
2284 1209 2521 1268 relictis
2566 1211 2717 1270 aliis
2806 1231 2813 1242 ·

589 1310 668 1370 ad
705 1331 776 1370 ea
813 1314 1151 1387 veniamus,
1195 1334 1352 1396 quae
1389 1313 1743 1374 communia
1780 1311 2041 1370 suerunt
2060 1308 2442 1370 Graecorum
2482 1319 2549 1368 et
2566 1311 2719 1384 Ro-

589 1414 916 1476 manorum‘
933 1459 951 1489 ,
1017 1414 1183 1474 unde
1241 1415 1469 1477 multae
1510 1434 1611 1474 res
1648 1423 1711 1476 et
1762 1411 2102 1485 dictiones,
2162 1431 2309 1490 quas
2370 1421 2585 1492 turpes
2646 1423 2719 1474 et

597 1517 937 1582 obscoenas
997 1535 1164 1576 nunc
1205 1535 1498 1574 vocamus
1526 1560 1543 1590 ,
1579 1517 1649 1574 in
1678 1523 2087 1594 utrorumque
2142 1513 2325 1575 factis
2370 1521 2436 1587 et
2498 1513 2713 1590 dictis,

591 1615 714 1674 nisi
763 1615 1057 1681 honestae
1103 1639 1174 1675 ac
1209 1603 1545 1678 laudabiles
1588 1623 1796 1676 essent
1818 1659 1835 1689 ,
1898 1625 2106 1676 tamen
2160 1616 2293 1677 siue
2345 1613 2703 1693 reprehen-

591 1715 767 1775 sione
815 1727 877 1776 et
931 1718 1184 1793 fierent,
1246 1728 1309 1778 et
1371 1717 1745 1778 dicerentur.
1833 1715 2117 1776 Primum
2154 1718 2285 1795 ipsa
2333 1715 2705 1795 mythorum

593 1827 656 1876 et
695 1839 1014 1880 sacrorum
1049 1821 1226 1894 ratio,
1269 1818 1706 1899 antiquissimis
1752 1819 2139 1896 temporibus
2184 1825 2321 1878 orta
2362 1825 2429 1888 et
2462 1817 2707 1878 consti-

590 1927 758 1994 tuta,
815 1921 1061 1997 multis,
1117 1929 1191 1982 ut
1225 1941 1392 1982 nunc
1431 1921 1683 2002 quidem
1702 1965 1719 1995 ,
1772 1919 2018 1986 lascivis
2052 1929 2117 1979 et
2152 1919 2469 1986 obscoenis
2498 1961 2515 1994 ,
2548 1939 2713 2000 quae

588 2021 908 2100 religionis
947 2024 1276 2084 auctoritas
1295 2021 1471 2102 qnasi
1510 2031 1817 2091 sanxerat,
1864 2031 2103 2082 mentes
2132 2031 2195 2080 et
2208 2041 2391 2082 aures
2426 2021 2701 2080 castissi-

594 2141 724 2182 mas
755 2123 1115 2184 adsuefecit.
1159 2122 1406 2182 Deinde
1447 2121 1703 2182 Graecis
1726 2129 1789 2179 et
1828 2121 2124 2186 Romanis
2156 2123 2257 2182 vel
2286 2122 2705 2180 severioribus

597 2243 790 2303 quum
824 2226 1193 2284 vestimenta
1227 2224 1461 2284 nullam
1501 2223 1635 2282 sere
1673 2224 1953 2302 corporis
1990 2233 2229 2304 partem
2258 2241 2517 2299 semper,
2532 2221 2697 2278 cela-

597 2335 742 2384 rent
777 2337 837 2384 et
893 2327 958 2385 in
997 2323 1547 2384 exercitationibus
1586 2324 1887 2403 gymnicis
1950 2325 2157 2382 omnia
2196 2344 2377 2402 saepe
2418 2319 2696 2400 depone-

585 2431 816 2515 ‘rentur
846 2426 1236 2506 feminaeque
1253 2445 1334 2484 ex
1354 2427 1759 2506 gynaeceisin
1787 2426 2069 2486 virorum
2088 2422 2597 2490 consuetudinem
2630 2431 2699 2482 et

597 2536 846 2586 coetum
901 2545 1046 2586 raro
1087 2529 1403 2602 venirent,
1440 2537 1513 2585 ut
1544 2527 1770 2606 pudori
1808 2528 2079 2606 ipsarum
2104 2525 2327 2588 suisset
2362 2527 2701 2586 consulen-

598 2625 745 2686 dum
763 2647 779 2701 ;
841 2629 1032 2687 multa
1092 2639 1450 2688 manserunt
1488 2629 1743 2690 honesta
1785 2639 1850 2689 et
1912 2630 2045 2687 sine
2084 2627 2323 2688 honore
2364 2627 2703 2706 praefando

595 2725 890 2804 dicenda,
947 2749 1133 2810 quae,
1193 2734 1707 2792 vestimentorum
1744 2732 2060 2792 immutata
2101 2732 2341 2789 ratione
2396 2737 2461 2787 et
2510 2747 2703 2786 vere-

597 2829 820 2890 cundia
857 2831 924 2889 in
965 2831 1318 2912 sequiorem
1355 2853 1613 2908 sexum,
1652 2836 1759 2914 qui
1800 2851 1965 2892 nunc
2010 2851 2134 2890 non
2180 2830 2495 2889 minimam
2534 2829 2704 2887 vitae

489 2969 498 2984 ⁴
599 2930 840 2998 socialis
875 2944 1116 3014 partem
1159 2936 1515 3010 coustituit,
1556 2935 1631 2994 ab
1674 2936 1939 3014 ingenue
1978 2944 2042 2992 et
2073 2931 2415 2992 liberaliter
2450 2931 2701 2990 institu-

597 3031 679 3090 tis
737 3053 862 3094 non
923 3047 1318 3116 usurpantur.
1429 3037 1665 3111 Porro,
1736 3036 1904 3116 quod
1965 3045 2151 3115 caput
2212 3031 2370 3092 mihi
2431 3029 2703 3106 videtur,

596 3151 786 3214 quum
827 3157 1032 3196 mores
1093 3139 1324 3198 civium
1365 3138 1687 3218 disciplina
1739 3137 2015 3218 publica,
2060 3134 2363 3196 maiorum
2405 3133 2702 3219 institutis

599 3243 664 3293 et
717 3237 955 3314 legibus
1004 3239 1274 3298 maxime
1329 3241 1785 3313 formarentur,
1838 3239 1914 3296 iis
1967 3246 2169 3296 autem
2228 3235 2465 3314 legibus
2534 3235 2697 3294 cives

597 3345 840 3394 tantum
909 3347 1310 3414 tenerentur3
1353 3340 1585 3413 multa,
1644 3359 1801 3419 quae
1846 3323 2052 3420 turpia
2094 3337 2359 3397 fuissent
2414 3339 2482 3396 in
2534 3336 2693 3394 cives

598 3439 956 3512 commissa,
999 3439 1068 3496 in
1109 3439 1467 3518 peregrinos
1510 3459 1795 3502 concessa
1850 3447 2061 3514 erant,
2114 3438 2191 3498 de
2237 3439 2456 3519 quibus
2506 3437 2693 3514 igitur

597 3537 796 3598 libere
831 3549 894 3597 et
934 3547 1143 3618 aperte
1185 3539 1358 3619 loqui
1393 3561 1579 3602 nemo
1633 3542 1996 3615 verebatur,
2054 3541 2421 3618 praesertim
2460 3541 2523 3599 in
2562 3539 2693 3600 ele-

593 3642 942 3720 gantiorum
1003 3647 1066 3698 et
1125 3639 1605 3704 delicatulomm
1662 3643 1929 3702 circulis.
2012 3641 2372 3702 Honestatis
2432 3641 2695 3722 quidem,

597 3739 839 3800 decoris
883 3751 945 3800 et
980 3739 1238 3821 pudoris
1291 3743 1358 3802 vi
1419 3747 1610 3823 magis
1665 3745 1946 3818 exculta,
1999 3744 2079 3821 ii,
2142 3745 2249 3824 qui
2309 3746 2595 3823 gravitati
2636 3751 2699 3802 et

599 3843 882 3922 dignitati
923 3841 1270 3919 studerent,
1311 3864 1342 3902 a
1387 3847 1599 3906 multis
1662 3845 1912 3928 quidem
1967 3843 2149 3904 dictis
2200 3846 2324 3920 sibi
2386 3855 2699 3924 tempera-

593 3953 779 4020 runt,
860 3964 1013 4028 quae
1089 3945 1509 4006 multitudinis
1588 3947 1829 4008 levitati
1902 3958 1965 4007 et
2024 3947 2399 4026 petulantiae
2453 3966 2701 4028 semper

595 4047 1013 4128 probabantur
1038 4090 1055 4120 ,
1095 4054 1169 4106 ut
1207 4047 1467 4113 Periclis
1510 4061 1788 4130 tempore
1830 4047 2261 4130 Aristophanis
2300 4047 2425 4109 ioci
2464 4047 2702 4127 impuri

591 4145 1108 4224 Atheniensibus,
1153 4152 1377 4229 quibus
1417 4149 1757 4212 honestatis
1802 4161 2128 4232 praecepta
2170 4153 2459 4210 Socrates
2500 4149 2699 4209 tradi-

594 4257 770 4318 derat
811 4269 1084 4332 quosque
1139 4251 1347 4332 pulcri
1403 4263 1467 4312 et
1532 4251 1775 4316 decoris
1831 4273 2013 4316 sensu
2066 4250 2321 4314 Phidias
2372 4251 2701 4314 imbuerat.
