2859 5084
925 375 1581 454 rnAm-Asr-m.
1761 415 1791 440 12
2224 393 2303 462 ις
2424 362 2437 386 “

184 581 586 672 totidem
627 574 942 696 plagis
993 567 1587 664 consumemus
1614 543 1621 553 ⁸
1652 559 2053 650 hostem!
2120 559 2297 652 Ae„-

179 749 469 837 quam
498 718 808 818 saltem
835 729 920 820 et
947 706 1877 794 liberalemcensuram
1912 701 2109 812 quis
2142 729 2296 786 ex..

185 873 532 972 spectet
587 850 696 934 ab
735 841 1232 932 hominibus
1281 831 1781 930 Heineckio
1822 835 2239 922 similibus
2258 836 2303 922 '2

209 993 364 1106 qui·
415 985 942 1084 adolescens,
997 978 1151 1062 etsi
1215 975 1394 1060 sine
1449 971 1581 1070 ira
1628 989 1713 1102 et
1762 965 2043 1056 studio
2090 973 2304 1056 scri-

201 1127 478 1240 psisse
515 1119 678 1218 sihi
703 1118 938 1202 visus
973 1131 1132 1216 est,
1181 1108 1503 1212 rustica
1550 1125 1839 1206 tamen
1880 1123 1968 1188 et,
1990 1103 2339 1204 Archj-'
2454 1153 2462 1166 ,

54 1223 59 1316 7
195 1258 494 1345 lochia
527 1273 675 1340 aut
709 1252 1300 1364 Hipponactea
1357 1243 1448 1326 in
1495 1269 1637 1326 me
1688 1238 2046 1325 subinde
2080 1237 2315 1342 effu-

54 2601 59 2708 ⁸

201 1393 328 1479 dit
377 1387 738 1476 dicteria
783 1387 874 1472 in
917 1381 1208 1468 libello
1241 1375 1679 1492 singulari,
1716 1375 1806 1459 in
1861 1405 2036 1488 quo
2080 1405 2311 1460 non-

195 1527 444 1613 nulla
475 1518 834 1636 quidem
875 1535 1134 1620 recte,
1199 1533 1374 1599 n'on
1407 1509 1803 1614 diffiteor,
1866 1528 1951 1592 et
1994 1541 2309 1626 magno

203 1694 414 1750 cum
449 1658 811 1770 strepitu
843 1649 1234 1739 iuvenilis
1263 1647 1701 1732 iactantiae
1744 1643 1959 1730 mihi
1990 1677 2315 1760 expro-

203 1769 538 1897 bravit,
601 1789 756 1876 sed
801 1787 1350 1903 plerumque,
1395 1779 1549 1866 ubi
1596 1809 1737 1896 me
1800 1780 2321 1869 insimulavit

213 1929 738 2046 ineptiarum
765 1925 904 2008 vel
953 1918 1316 2008 ridicula
1369 1934 1457 2000 et
1480 1911 1859 1998 absurda
1904 1915 2119 1998 mihi
2162 1947 2319 2002 ex·-

223 2067 531 2154 eiffisse
566 2058 918 2162 censuit,
970 2055 1116 2167 (ita
1164 2053 1394 2138 enim
1448 2049 1791 2134 amabat
1820 2049 2059 2162 loqui
2098 2071 2183 2136 et
2229 2054 2320 2138 in

209 2236 308 2289 eo
345 2199 529 2287 sibi
579 2191 1008 2310 placebat)
1094 2190 1238 2274 illa
1294 2185 1771 2300 expromsit
1820 2184 2002 2297 ipse
2056 2207 2143 2270 et
2197 2190 2321 2274 ri·-

211 2323 482 2424 dendi
545 2329 994 2430 materiam
1041 2322 1455 2438 praebuit.
1587 2319 1825 2403 Haec
1867 2347 2075 2405 vera
2134 2354 2343 2410 esse·

215 2469 554 2588 patebit
598 2495 712 2550 ex
733 2465 960 2550 *Van
1029 2460 1262 2544 Leet.
1307 2473 1393 2540 et
1444 2451 1821 2558 Comm.,
1870 2453 1961 2540 in
2009 2457 2323 2568 quibus

217 2608 546 2708 omnia,
603 2619 788 2686 tam
819 2596 926 2679 ab
963 2625 1094 2698 eo,
1163 2595 1461 2704 (quem
1490 2590 1663 2674 iam
1692 2608 1885 2673 ante
1924 2589 2085 2676 hos
2130 2613 2325 2680 octo

227 2769 506 2826 annos
533 2737 710 2822 fato
739 2730 1132 2816 sunctum
1161 2754 1350 2812 esse
1397 2740 1629 2810 'nunc
1675 2721 2031 2810 demum
2058 2731 2329 2815 resci-

233 2877 356 2978 vi,
401 2889 864 2987 postquam
908 2863 1370 2948 editionem
1429 2858 1656 2944 hanc
1698 2859 1875 2944 iam
1938 2861 2329 2948 subiece-

248 3036 438 3094 ram
463 3004 736 3119 prelo)
799 3029 1064 3114 quam
1117 2997 1222 3080 ab
1260 2995 1443 3079 aliis
1488 2993 1633 3078 vel
1673 2985 1904 3076 recte
1942 2995 2081 3081 vel
2122 3025 2331 3108 per-

267 3167 562 3253 peram
586 3154 871 3224 notata
894 3129 1289 3218 recensui
1320 3145 1404 3211 et
1431 3127 1534 3211 iis
1556 3125 2099 3238 potissimum
2127 3158 2334 3215 cen-

267 3271 630 3375 soribns,
667 3271 843 3387 qui,
892 3297 1164 3381 quum
1211 3289 1479 3348 novas
1509 3259 1671 3373 ipsi
1714 3259 2337 3349 meditarentur

249 3407 666 3496 Iuvenalis
731 3402 1176 3505 edit-ioneS,
1238 3395 1651 3484 acerrime
1705 3395 1793 3479 in
1838 3425 1984 3480 me
2026 3396 2360 3489 invecti,

247 3563 474 3648 sunt,
497 3540 944 3641 nonnulla,
971 3535 1122 3622 sed
1153 3532 1665 3638 humaniter,
1687 3531 2123 3644 respondi,
2152 3563 2340 3617 me-

237 3708 442 3768 mor
515 3677 998 3762 verborum
1054 3687 1358 3786 poetae
1421 3664 1633 3750 mei:
1740 3663 2111 3778 Semper
2180 3697 2342 3780 ego

249 3811 620 3900 auditor
693 3821 1052 3893 tantam
1069 3806 1114 3888 Ρ
1215 3827 1803 3915 numquamne
1861 3803 2350 3914 reponam?

247 3949 590 4057 Quodsi
647 3973 860 4028 vero
912 3942 1248 4054 saepius
1287 3936 1455 4050 ipsi
1500 3935 1623 4020 illi
1652 3935 2060 4021 labuntur
2092 3954 2347 4049 atque

239 4119 288 4174 a
343 4116 570 4172 vero
639 4081 1074 4182 aberrant,
1151 4074 1301 4190 qui
1380 4071 1630 4157 unice
1712 4067 1801 4154 id
1864 4089 2121 4183 agunt
2191 4101 2349 4184 per
