2859 5084
627 468 812 523 *νη-η
1065 433 1076 445 ’
1195 453 1455 519 vl‘rA
1534 427 2180 541 1vvnNAms-
2271 448 2279 457 ·
2392 407 2399 414 ’

905 666 920 686 ,
998 577 1094 702 Ἀ.
1193 631 1284 700 V.
1357 613 1471 698 ’0.
1581 632 1748 700 801.
1864 629 2134 698 christi
2240 617 2361 700 4⁸.
2444 613 2451 620 “

1443 733 1800 800 Iuvenalis
1870 757 1937 828 7.

683 925 692 934 .
780 856 1205 952 Messalina,
1251 862 1786 962 impudicissime
1822 865 2092 937 Claudii
2131 868 2308 958 Imp.
2354 893 2561 954 uxor,
2616 893 2754 962 pa-

631 953 771 1078 lam
815 978 1090 1064 nuptias
1135 971 1300 1038 facit
1343 995 1504 1038 cum
1540 969 1615 1038 C.
1649 971 1859 1054 Silio,
1904 971 2405 1039 tmmosissimo
2467 978 2759 1071 iuvene,

631 1091 700 1146 et
745 1102 904 1176 cum
951 1099 1032 1142 eo
1085 1073 1505 1141 interficitur
1548 1075 1837 1144 consilio
1867 1095 1944 1140 ac
1984 1081 2178 1142 iussu
2217 1073 2584 1157 Nare-essi,
2627 1080 2749 1142 di-

627 1188 876 1248 tissimi
905 1183 1503 1272 potentissimique
1547 1179 1959 1246 libertorum
2010 1174 2297 1244 Claudii.
2370 1201 2432 1244 v.
2468 1178 2552 1244 ad
2602 1177 2746 1246 Sat.

629 1281 1292 1368 V1,·115-132.
1339 1279 1451 1365 Χ,
1536 1281 1992 1373 329-545,
2040 1293 2110 1346 et
2160 1277 2381 1362 XIV,
2422 1279 2594 1372 ·329'
2640 1303 2747 1370 sq.

629 1385 913 1454 Praeter
981 1385 1382 1452 Narcissum
1434 1385 1685 1450 Pallas
1752 1395 1823 1450 et
1870 1383 2169 1452 Posides
2224 1383 2399 1450 libm
2404 1389 2455 1448 ti
2511 1384 2753 1473 pluri-³

631 1513 828 1558 mum
879 1494 1098 1576 gratia
1147 1488 1471 1556 valebant
1514 1489 1698 1578 apud
1762 1485 2079 1554 eumdem
2138 1485 2510 1553 Claudium
2550 1485 2757 1626 Imp..

635 1591 740 1661 Cf.
783 1595 870 1660 ad
915 1591 1052 1656 Sat.
1101 1591 1169 1674 I,
1229 1611 1389 1682 109.
1442 1606 1511 1660 et
1554 1589 1773 1674 XIV,
1832 1613 1947 1681 91.
2504 1615 2513 1624 ·

1013 1723 1107 1790 A.
1217 1723 1329 1790 V
1419 1723 1495 1790 C.
1596 1725 1768 1790 802.
1880 1723 2147 1790 Christi
2256 1721 2415 1813 49.

1438 1827 1796 1894 Iuvenalis
1846 1828 1910 1892 8.

784 1957 894 2025 De
934 1961 1501 2052 praeceptoribus
1532 1957 1883 2028 Iuvenalis
1924 1957 2104 2023 nihil
2154 1971 2388 2048 potest
2435 1954 2619 2047 ce'rtq
2668 1971 2737 2024 et

631 2063 1000 2160 explorata
1025 2063 1158 2128 fide
1185 2065 1388 2130 tradi.
1474 2059 1876 2130 Henninius
1907 2059 2185 2153 quidem
2206 2113 2224 2144 ,
2278 2057 2528 2129 Criniti
2560 2061 2737 2127 alio-

633 2187 930 2252 rumque
974 2171 1457 2232 auctoritatem
1527 2179 1895 2251 sequutuS,
1977 2165 2062 2232 ad
2117 2171 2328 2231 vitam
2368 2164 2737 2246 Iuvenalis,

635 2255 808 2356 <inae
839 2267 1172 2334 Suetonio
1205 2261 1571 2352 tribuitur,
1622 2280 1853 2350 notat,
1909 2289 2067 2334 eum
2099 2267 2453 2338 Frontone
2479 2262 2731 2334 Gram-

631 2377 888 2438 matico
934 2367 1176 2460 (quem
1211 2375 1416 2438 etiam
1446 2369 1581 2438 Sat.
1612 2371 1666 2454 I,
1732 2397 1757 2439 1
1781 2397 1841 2438 2.
1890 2377 2087 2438 innui
2122 2375 2399 2460 quidam
2444 2367 2737 2462 putant)

634 2480 964 2562 magistro
994 2493 1200 2538 usum
1229 2495 1372 2539 esse
1409 2485 1478 2540 et
1506 2475 1586 2540 ab
1615 2499 1693 2542 eo
1736 2499 2003 2542 summa
2050 2477 2406 2562 diligentia
2454 2478 2735 2542 institu-

635 2575 826 2646 tum:
878 2573 1066 2641 hunc
1095 2579 1280 2641 enim
1313 2577 1621 2653 docuisse
1652 2579 1789 2644 illis
1827 2577 2253 2668 temporibus
2282 2577 2543 2644 Romae
2588 2601 2735 2643 ma-

633 2705 768 2772 gna
801 2703 958 2746 cum
1007 2683 1307 2744 nominis
1336 2681 1769 2762 celebritate,
1838 2693 2009 2746 teste
2043 2679 2299 2748 Gellio.
2401 2679 2733 2748 Eamdem

635 2777 722 2852 ob
760 2803 1030 2848 causam
1061 2779 1254 2846 fuere
1297 2787 1539 2868 etiam,
1594 2790 1716 2872 qui
1751 2783 2147 2850 Iuvenalem
2178 2789 2255 2850 in
2300 2775 2747 2873 disciplinam.

633 2875 990 2956 traditum
1000 2899 1142 2948 esse
1173 2881 1605 2964 Quintiliano
1639 2893 2171 2976 suspicarentur.
2223 2889 2353 2956 Sed
2386 2909 2593 2973 quam
2622 2893 2735 2952 in-

633 2983 838 3062 flama
879 2993 968 3052 sit
1021 2985 1187 3052 haec
1241 2993 1455 3074 ratio,
1520 2987 1720 3056 facile
1778 2991 2217 3080 intelligitur.
2344 2987 2527 3054 Nam
2585 3012 2735 3056 non

633 3077 844 3159 modo
868 3083 1129 3157 Romae
1164 3090 1281 3157 alii
1308 3113 1585 3181 quoque
1632 3106 1795 3160 tunc
1830 3099 2159 3184 temporis
2197 3097 2403 3178 iique
2426 3087 2731 3158 celebres

633 3195 830 3262 :fuere
875 3191 1329 3261 Grammatici
1364 3207 1434 3260 et
1482 3195 1857 3279 RhetoreS,
1927 3220 2229 3284 quorum
2277 3190 2545 3262 scholas
2587 3193 2731 3262 fre-

633 3309 969 3385 quentare
1015 3301 1250 3384 potuit
1319 3297 1699 3381 Iuvenalis,
1789 3323 2004 3385 quum
2070 3323 2249 3389 puer
2322 3311 2537 3382 esset,
2610 3301 2727 3366 sed

631 3401 862 3468 multo
917 3419 1194 3484 quoque
1241 3397 1664 3486 probabilius
1732 3415 1869 3484 est,
1926 3425 2085 3468 eum
2147 3408 2550 3490 quorumvis
2598 3423 2733 3492 po-

632 3509 770 3569 tius
849 3491 1152 3566 aliorum
1222 3505 1654 3568 institutione
1729 3503 2111 3570 formatum
2182 3503 2392 3569 fuisse
2423 3556 2440 3588 ,
2524 3525 2729 3592 quam

629 3597 1028 3674 Frontonis
1053 3601 1243 3669 illius
1331 3615 1400 3672 et
1462 3581 1895 3685 Quintiliani.
2024 3605 2161 3672 Hic
2221 3611 2479 3690 enim,
2544 3606 2735 3694 quot}

633 3716 847 3797 supra
890 3710 1229 3790 diximuS,
1297 3709 1407 3775 vel
1453 3709 1727 3790 eodem,
1796 3731 1933 3796 quo
1965 3725 2171 3802 poeta
2197 3724 2469 3792 noster,
2521 3731 2733 3794 anne,

633 3812 746 3878 vel
796 3811 1094 3897 aliquot,
1159 3813 1282 3877 ille
1342 3823 1575 3879 autem
1626 3814 1865 3878 multis
1938 3819 2133 3880 annis
2186 3825 2347 3903 post
2406 3835 2562 3878 eum
2604 3834 2737 3879 na·-

631 3927 744 3978 tus
787 3917 1086 3980 videtur.·
1181 3911 1463 3980 Marcus
1532 3929 1717 3982 certe
1790 3915 2154 3984 Cornelius
2220 3916 2517 3997 Fronto,
2587 3913 2737 3984 clu<-

631 4020 940 4099 rissimus
985 4013 1288 4100 Rhetor,
1344 4025 1537 4084 cuius
1580 4025 1835 4108 passim
1884 4027 2312 4088 mentionem
2348 4019 2510 4084 facit
2556 4015 2735 4084 Gel-

633 4119 800 4201 lius,
855 4118 1092 4210 (Noct.
1127 4117 1277 4187 Att.
1309 4117 1406 4202 ΙΙ,
1442 4123 1553 4189 26.
1584 4121 1803 4204 XIII,
1864 4125 1980 4190 28.
2036 4123 2251 4204 XIX,
2294 4123 2356 4188 8.
2406 4141 2515 4190 10.
2582 4117 2821 4210 13.)

627 4233 1040 4312 praeceptor
1107 4223 1242 4290 fuit
1300 4227 1601 4293 duorum
1671 4225 2223 4316 Imperatorum,
2312 4223 2414 4291 M.
2486 4219 2729 4288 Amm-

629 4329 786 4391 nini
817 4323 1247 4418 Philosophi
1280 4325 1441 4420 (qui
1484 4335 1548 4396 ei
1589 4341 1887 4396 statuam
1934 4335 2007 4395 in
2056 4340 2337 4418 senatu,
2404 4322 2737 4392 consula-
