2859 5084
871 363 1537 438 rnausarro.
1867 344 1878 352 ’
2165 379 2273 428 m
2330 391 2349 412 -

143 574 530 660 brorum
577 561 872 678 eopia,
934 585 1222 674 neque
1269 553 1475 645 satis
1530 547 1679 638 otii
1730 547 2265 664 suppetierit,

136 707 334 813 sed,
351 731 640 819 quum
667 725 1010 811 semper
1043 723 1222 780 non
1247 693 1539 780 minus
1570 689 1753 778 fere
1784 681 2037 773 studii
2064 680 2261 768 the·-

148 843 524 956 ologiae‚
557 827 1397 952 quamphilologiae,
1423 845 1515 930 et
1546 823 1853 940 linguis
1884 820 2263 908 orienta-
2316 897 2322 914 ,

153 977 412 1082 libus,
459 1000 736 1088 quam
763 965 1186 1056 Graeciae
1207 991 1317 1080 ac¹
1341 962 1562 1050 Latii
1592 959 1885 1063 literis,
1918 956 2264 1068 impen-
2341 943 2347 954 ’

153 1115 411 1218 derit,
453 1123 818 1225 propter
879 1100 1224 1218 negotia
1263 1099 1508 1185 varia
1550 1078 2081 1206 crebrasque
2122 1087 2265 1178 ixi-.-

148 1243 828 1364 terpellationes,
875 1235 1328 1326 subseciva
1365 1250 1703 1320 tantum
1744 1219 2145 1341 tempora
2178 1239 2270 1313 et
2355 1203 2367 1225 ’

10 1483 12 1488 ,
143 1409 477 1499 operas
517 1379 1033 1495 plerumque
1087 1368 1683 1458 mmultuarias
1728 1363 1935 1453 huic
1982 1357 2269 1450 labori

144 1519 460 1606 dicare
525 1511 884 1600 licuerit.
1031 1507 1370 1594 Forsan
1435 1521 1521 1588 et
1574 1488 1757 1588 zion
1798 1503 2267 1589 immemov-

155 1687 288 1741 res
359 1667 628 1738 erunt
699 1670 1054 1750 eorum,
1136 1669 1360 1754 quae
1436 1637 1745 1750 Heyne
1814 1637 1909 1722 in
1982 1627 2266 1718 Praef.

10 1789 13 1856 ³
159 1794 400 1906 Virg.
459 1814 668 1872 vere
717 1780 964 1898 dixit:
1073 1775 1332 1881 „Non
1373 1772 1757 1858 minores
1804 1767 2266 1854 difficulta-

171 1949 266 2014 tes
319 1930 635 2040 ipsum
689 1932 1098 2032 premunt
1159 1909 1739 2022 interpretem.
1854 1901 2265 2012 Namque

171 2089 232 2152 et
271 2067 484 2150 eius
531 2055 968 2169 ingenium
1009 2045 1337 2134 infinita
1385 2069 1687 2128 rerum
1736 2037 2268 2126 minutarum

161 2201 412 2318 copia
483 2223 594 2282 ac
663 2187 1115 2276 subtilitate
1185 2185 1396 2292 (nec
1468 2175 1755 2264 minus
1806 2195 2267 2282 compara-

10 2397 12 2400 >
155 2341 393 2424 tione
443 2349 578 2417 tot
619 2322 1018 2412 codicum
1051 2336 1142 2404 et
1181 2310 1497 2402 Indicis
1546 2307 1879 2422 copiosi
1908 2301 2267 2390 concin-

161 2607 410 2723 gutiis
488 2595 1044 2716 superiorum
1123 2588 1691 2700 interpretum
1784 2571 2267 2674 obscurari,

163 2763 250 2829 et
271 2809 300 2848 ‚
389 2738 604 2824 dnm
653 2734 746 2838 in
797 2730 1172 2816 aliorum
1233 2747 1493 2805 sensu
1542 2709 1933 2802 acuendo
1998 2705 2267 2794 desu-

171 2879 322 2963 dat
339 2939 366 2980 ,
449 2867 908 2988 proprium
988 2861 1340 2945 sensum
1409 2850 1667 2939 obrui
1725 2867 1814 2933 et
1873 2839 2269 2930 hebetari

177 3039 528 3098 necesse
575 3023 726 3090 est.
857 3001 1100 3085 Dum
1149 2988 1537 3100 undique
1586 3002 1672 3071 et
1717 3002 1895 3067 tam
1930 2975 2043 3064 ad
2086 2975 2266 3062 sin·

198 3144 402 3264 gula
419 3141 694 3244 verba,
717 3135 1036 3250 quibus
1072 3126 1364 3240 aliqua
1393 3115 1868 3218 difficultas,
1898 3106 2011 3196 ad
2047 3107 2269 3193 alio-

180 3309 402 3370 rum
469 3273 800 3390 quidem
869 3259 1507 3377 intelligentiam
1525 3318 1551 3361 ‚
1644 3247 2267 3336 adhaerescere
2393 3351 2401 3359 .

175 3418 406 3506 forte
435 3411 722 3528 possit,
752 3431 1020 3520 quam
1049 3397 1161 3484 ad
1188 3387 1673 3492 innumera,
1708 3385 1817 3471 ab
1851 3381 2031 3468 aliis
2059 3405 2267 3496 pra-

163 3583 274 3638 ve
337 3563 688 3662 accepta
707 3607 732 3648 ,
791 3537 1018 3624 male
1083 3529 1470 3645 exposita
1521 3542 1677 3612 aut
1732 3521 1824 3607 in
1864 3513 2265 3604 tenebras

165 3686 591 3785 involuta,
625 3670 1232 3768 circumfertur
1279 3682 1364 3750 ct
1387 3653 1863 3748 intenditur
1896 3641 2267 3750 animus,

185 3823 562 3934 dumque
593 3815 688 3899 in
715 3807 1012 3894 verbis
1041 3795 1505 3888 :commode
1542 3781 2065 3906 explicandis
2106 3775 2264 3864 de-
2484 3797 2491 3812 ·

171 3955 382 4046 fixus
431 3971 568 4040 est
585 4017 612 4058 ,
679 3943 954 4034 multa
993 3934 1427 4026 interdum
1471 3939 1942 4016 occurrunt
1975 3914 2265 4002 minus

163 4125 362 4184 cum
403 4119 510 4177 re
549 4082 1046 4186 coniuncta,
1079 4067 1565 4182 exciditque
1592 4049 1711 4168 id,
1746 4051 1987 4174 quod
2018 4047 2130 4137 ad
2154 4043 2265 4132 il-
2314 4125 2326 4132 .
