2859 5084
557 439 684 507 500
1081 437 1165 498 D.
1247 433 1455 497 IVN.
1540 431 2131 498 IVVENALIS

729 609 804 668 In
841 610 1052 690 priore
1089 605 1278 668 huius
1317 607 1559 668 satirae
1598 616 1777 688 parte
1824 609 1917 681 (v.
1948 627 1975 667 ι
2001 581 2244 680 -2340
2286 586 2472 686 poeta
2510 608 2667 668 satis

556 711 940 790 ingeniosam
982 711 1042 769 ei
1087 710 1352 772 sormam
1393 709 1671 788 induisse
1728 719 1811 785 et,
1870 710 2019 770 dum
2076 717 2295 789 aperte
2332 709 2669 770 commoda

558 812 817 874 militiae
855 822 1161 887 recenset,
1217 821 1384 872 tecta
1438 813 1643 872 ironia
1701 833 1771 872 ac
1828 809 2031 872 laudis
2086 811 2294 890 specie
2336 813 2671 890 vitupera-

559 913 720 974 tioui
773 914 1062 994 imposita
1114 913 1371 974 nimiam
1424 914 1704 974 mssitum
1762 912 2087 974 licentiam
2126 912 2673 993 insolentiamque,‘

560 1035 744 1097 quam
785 1016 910 1074 illis
950 1015 1338 1094 temporibus
1381 1016 1497 1074 vix
1540 1013 1955 1094 Imperatores
1996 1033 2291 1073 coercere
2330 1015 2664 1090 audebant,

556 1117 994 1197 perstringere
1014 1116 1281 1175 videtur.
1351 1116 1509 1176 Eam
1549 1135 1679 1176 non
1718 1118 2021 1195 integram
2064 1137 2381 1196 superesse
2408 1115 2667 1198 quidam

559 1217 796 1298 opinati
839 1229 1004 1292 sunt,
1041 1219 1188 1297 quia
1229 1227 1356 1277 tam
1395 1219 1605 1276 brevis
1657 1218 1831 1277 forte
1884 1227 1983 1276 est
2038 1225 2105 1276 et
2142 1219 2489 1296 argumenti
2522 1227 2665 1276 tra-

557 1319 747 1379 ctatio
797 1339 926 1378 non
970 1319 1256 1379 omnibus
1302 1320 1579 1380 numeris
1622 1319 1934 1379 absoluta:
1992 1338 2139 1380 nam
2176 1319 2361 1399 plura
2398 1319 2667 1378 militiae

495 1451 502 1458 ·
558 1419 886 1483 commoda
927 1430 1111 1501 atque
1151 1421 1499 1502 privilegia,
1538 1439 1682 1480 cum
1728 1421 1985 1500 legibus,
2026 1403 2163 1480 tum
2204 1421 2663 1500 Imperatorum

557 1522 780 1582 edictis
825 1525 1164 1582 constituta
1201 1532 1265 1582 et
1303 1541 1610 1595 concessa,
1668 1543 1705 1581 a
1744 1521 1961 1602 Polyb.
2005 1520 2113 1597 Vl,
2154 1524 2259 1604 39.
2299 1523 2473 1602 Lips.
2512 1521 2655 1580 Mil.

553 1625 736 1684 Rom.
775 1625 856 1698 V,
905 1643 1000 1704 19.
1057 1633 1122 1683 et
1165 1623 1242 1684 de
1282 1624 1757 1702 magnit'Rom.
1798 1625 1849 1699 1,
1892 1625 1950 1688 6.
1996 1623 2260 1704 aliisque
2284 1613 2661 1682 'memoran-

553 1733 679 1788 tur,
766 1725 892 1785 Sed
935 1728 1074 1808 quis
1111 1727 1422 1805 poeticam
1481 1725 1575 1785 rei
1618 1727 2073 1806 expositionem
2126 1728 2217 1788 ita
2270 1725 2349 1784 ad
2388 1723 2665 1784 calculos

553 1829 804 1888 vocabit
820 1829 850 1888 ’ἒ
907 1857 996 1874 --
1079 1827 1226 1906 Quo
1280 1827 1420 1886 loco
1486 1837 1551 1885 et
1592 1849 1711 1908 qua
1755 1830 2073 1888 occasione
2130 1826 2285 1887 haec
2329 1827 2535 1886 Satira
2570 1826 2661 1884 sit

553 1931 802 2011 scripta,
839 1950 1059 2012 parum
1104 1938 1366 2004 constat.
1454 1929 1763 1990 Nonnulli
1806 1937 2049 2010 putant,
2086 1949 2223 1988 eam
2262 1949 2301 1986 a
2340 1927 2654 2004 luvenale,

533 2052 736 2124 ‘quam
777 2031 1046 2112 primum
1085 2031 1253 2093 iussu
1283 2030 1634 2092 Domitiani
1670 2031 1919 2090 venerit
1962 2031 2031 2090 in
2061 2033 2434 2110 Aegyptum,
2474 2047 2654 2089 com-

549 2134 816 2214 positam
862 2153 996 2192 esse
1047 2133 1112 2190 in
1155 2131 1398 2191 Paridis
1438 2133 1803 2210 pantomimi
1852 2133 2171 2207 invidiam,
2228 2151 2355 2212 quo
2396 2140 2657 2189 auctore

551 2235 628 2292 ab
671 2233 848 2292 Urbe
887 2243 1165 2292 remotus
1221 2234 1304 2292 sit
1345 2242 1411 2292 et
1446 2233 1601 2292 salsa
1638 2233 1895 2294 honoris
1934 2235 2139 2315 specie
2180 2231 2423 2292 cohorti
2462 2234 2649 2311 pra'e-

549 2336 774 2407 sectus‚
809 2344 872 2392 et
915 2335 1172 2395 militiae
1213 2333 1455 2394 laudari
1496 2337 1833 2408 commoda,
1891 2355 1971 2396 ne
2010 2335 2187 2394 Paris
2224 2333 2651 2394 conditionem

549 2443 790 2514 poetae,
833 2433 1000 2517 qnod
1045 2436 1315 2494 maxime
1361 2435 1690 2516 optaverit,
1738 2431 2027 2496 miseram
2082 2457 2213 2495 esse
2270 2433 2557 2494 crederet
2588 2443 2657 2494 et

549 2535 887 2600 infelicem.
979 2535 1104 2595 Sed
1143 2537 1455 2596 Iuvenalis
1498 2557 1627 2596 non
1666 2559 1701 2596 a
1738 2538 2099 2599 Domitiano
2144 2547 2209 2596 et
2246 2535 2491 2612 Paride,
2540 2536 2653 2596 sed

547 2639 626 2696 ab
667 2637 986 2700 Hadriano
1025 2639 1090 2696 in
1137 2637 1428 2697 exsilium
1472 2648 1567 2696 est
1602 2639 1856 2698 missus:
1901 2639 2059 2717 (vid.
2100 2641 2231 2699 vita
2270 2641 2437 2710 eius)
2482 2639 2653 2700 unde

549 2740 617 2798 in
661 2735 848 2798 huius
901 2739 1118 2798 saltem
1172 2741 1571 2819 Imperatoris
1614 2750 1678 2798 et
1720 2737 2063 2814 histrionis,
2116 2742 2223 2820 qui
2280 2743 2341 2800 ei
2376 2743 2445 2800 in
2488 2741 2653 2800 deli-

549 2841 663 2900 ciis
711 2841 854 2908 suit,
919 2840 1218 2900 invidiam
1281 2840 1430 2901 haec
1491 2843 1805 2921 scripsisse
1859 2841 2201 2902 censendus
2240 2851 2353 2902 est.
2438 2845 2647 2902 Sita-

545 2963 688 3002 men
749 2951 934 3021 poeta
987 2949 1204 3002 noster
1256 2941 1442 3002 huius
1496 2944 1783 3004 carminis
1836 2953 2052 3002 auctor
2114 2944 2269 3018 suit,
2342 2946 2643 3023 suspicari

543 3045 776 3116 malim,
819 3045 1208 3102 occasionem
1251 3043 1329 3101 ad
1369 3023 1529 3106 ill'ud
1568 3043 2017 3108 conficiendum
2060 3045 2116 3102 ei.
2154 3047 2425 3106 oblatam
2450 3045 2669 3112 fuisso.

544 3167 577 3202 a
621 3145 822 3218 Gallo,
865 3146 1082 3218 amico,
1125 3146 1194 3204 in
1231 3147 1519 3205 militiam
1570 3155 1776 3204 eunte.
1862 3145 2095 3206 Utrum
2138 3168 2291 3206 vero
2332 3145 2487 3208 haec
2526 3147 2639 3206 Sa-

542 3245 665 3302 tira
702 3247 984 3304 Iuvenali
1023 3247 1104 3306 sit
1145 3247 1493 3320 tribuenda,
1556 3247 1675 3306 iam
1736 3242 1884 3308 olim
1930 3248 2125 3324 suere,
2164 3249 2275 3328 qui
2314 3245 2637 3330 addubita-

540 3353 702 3404 rcnt.
814 3344 1204 3424 Scholia-stes,
1263 3371 1298 3406 a
1341 3347 1554 3406 Barth.
1612 3345 1873 3408 Advers.
1928 3349 2116 3424 XIV,
2186 3349 2278 3410 16.
2338 3347 2637 3423 laudatus,

543 3445 698 3506 haec
769 3445 1117 3506 adnotavit:
1210 3449 1481 3525 Quidam
1526 3449 1763 3524 dicunt,
1814 3472 1941 3510 non
2000 3473 2130 3516 esse
2170 3447 2487 3524 Iuvenalis,
2520 3449 2631 3508 sed

542 3548 620 3607 ab
667 3548 800 3606 eius
850 3549 1046 3608 amico
1093 3553 1450 3629 appositam.
1539 3551 1735 3608 Vetus
1798 3551 2003 3612 Schol.
2064 3552 2347 3614 Pithoei:
2430 3553 2549 3610 Ista
2592 3571 2632 3608 a

539 3648 854 3728 plerisque
907 3649 1270 3730 exploditur
1330 3661 1394 3712 et
1447 3652 1677 3710 dicitur
1736 3673 1865 3712 non
1926 3674 2057 3714 esse
2100 3653 2426 3714 Iuvenalis.
2511 3653 2635 3712 His

543 3729 1010 3830 adstipulantur⁴
1043 3751 1303 3812 Grotius
1343 3753 1422 3812 ad
1459 3754 1616 3814 Luc.
1664 3751 1765 3827 111,
1812 3757 1905 3813 14.
1942 3754 2231 3833 Rutgers.
2274 3755 2424 3814 Var.
2454 3753 2631 3814 Lect-

540 3847 654 3922 IV,
723 3854 778 3910 4.
835 3873 896 3932 p.
953 3855 1100 3913 538.
1157 3853 1373 3934 Angel.
1428 3855 1762 3915 Decembr.
1818 3856 1995 3936 polit.
2048 3857 2214 3916 liter.
2274 3877 2337 3936 p.
2384 3858 2465 3936 59
2510 3877 2633 3936 seq.

535 3951 752 4012 Barth.
795 3951 836 4010 l.
885 3975 954 4028 c.,
997 3939 1386 4032 Plathncrus,
1444 3955 1685 4016 Bahrdt
1741 3965 1805 4018 et
1858 3957 1997 4032 alii3
2073 3957 2181 4016 sed
2238 3957 2636 4037 refragantur

537 4053 893 4133 Dempster.
949 4053 1026 4114 ad
1087 4055 1335 4140 Coripp.
1397 4078 1457 4138 p.
1518 4057 1655 4135 137.
1712 4057 2019 4136 Scaliger,
2084 4057 2637 4122 Schurzflcischius

541 4155 771 4236 aliique
813 4153 1012 4213 multi.
1100 4157 1320 4238 Neque
1365 4157 1517 4218 hacc
1556 4160 1634 4221 lis
1680 4158 1863 4220 facile
1904 4159 2251 4224 dirimenda
2292 4171 2408 4238 est,
2442 4183 2639 4242 quum

537 4240 604 4320 in
650 4265 980 4338 utramque
1022 4266 1262 4338 partem
1309 4261 1843 4344 quaedam-eaque
1888 4263 2031 4322 satis
2076 4264 2287 4341 gravia
2328 4263 2641 4346 disputari

1548 4544 1591 4581 g
